%% This BibTeX bibliography file was created using BibDesk.
%% http://bibdesk.sourceforge.net/


%% Created for Koenraad De Smedt at 2014-11-11 12:29:27 +0100 


%% Saved with string encoding Unicode (UTF-8) 

@book{Saussure16,
    Author = {de Saussure, Ferdinand},
    Title = {Cours de linguistique générale},
    Year = {1916},
    Publisher = {Payot},
    Place = {Lausanne/Paris}}

@book{Van_Dongen12,
	Author = {Van Dongen, Marc},
	Date-Added = {2014-11-11 10:48:37 +0000},
	Date-Modified = {2014-11-11 11:06:55 +0000},
	Isbn/Issn = {978-3-642-23816-1},
	Pid = {10.1007/978-3-642-23816-1},
	Publisher = {Springer},
	Title = {{LaTeX} and Friends},
	Url = {http://csweb.ucc.ie/~dongen/LAF/LAF.html},
	Year = {2012}}

@book{Gries09,
	Author = {Gries, Stefan},
	Booktitle = {Quantitative Corpus Linguistics with {R}: A Practical Introduction},
	Date-Added = {2012-12-06 12:12:26 +0000},
	Date-Modified = {2012-12-06 12:12:26 +0000},
	Isbn/Issn = {978-0415962704},
	Publisher = {Routledge},
	Title = {Quantitative Corpus Linguistics with {R}: A Practical Introduction},
	Year = {2009}}

@book{Kopka04,
	Address = {Boston},
	Author = {Kopka, Helmut and Daly, Patrick W.},
	Booktitle = {Guide to \LaTeX},
	Date-Added = {2011-04-17 10:48:40 +0200},
	Date-Modified = {2011-04-17 11:01:14 +0200},
	Edition = {4},
	Publisher = {Addison-Wesley},
	Title = {Guide to {LaTeX}},
	Year = {2004}}

@book{Mittelbach04,
	Author = {Mittelbach, Frank and Goossens, Michel and Braams, Johannes and Carlisle, David and Rowley, Chris},
	Booktitle = {The \LaTeX\ Companion},
	Date-Added = {2011-04-17 10:48:32 +0200},
	Date-Modified = {2011-04-17 11:01:25 +0200},
	Edition = {2},
	Isbn/Issn = {978-0201362992},
	Publisher = {Addison Wesley},
	Title = {The {LaTeX} Companion},
	Year = {2004}}